@article{vandeveire2018automateddj,
  title   = {From raw audio to a seamless mix: creating an automated DJ system for Drum and Bass},
  author  = {Vande Veire, Len and De Bie, Tijl},
  journal = {EURASIP Journal on Audio, Speech, and Music Processing},
  year    = {2018},
  volume  = {2018},
  number  = {1},
  pages   = {13},
  doi     = {10.1186/s13636-018-0134-8},
  url     = {https://asmp-eurasipjournals.springeropen.com/articles/10.1186/s13636-018-0134-8}
}

@online{cridland2025,
  author       = {Cridland, James},
  title        = {Apple Music's new AI auto mix: examples},
  date         = {2025-07-25},
  url          = {https://james.cridland.net/blog/2025/apple-music-auto-mix-examples/},
  organization = {James Cridland - radio futurologist},
  urldate      = {2025-10-21},
  note         = {Blog post}
}

@online{apple2025,
  author       = {Apple},
  title        = {{WWDC 2025 --- June 9}},
  date         = {2025-06-09},
  url          = {https://www.youtube.com/watch?v=0_DjDdfqtUE&t=1847s},
  organization = {YouTube},
  urldate      = {2025-10-21},
  note         = {Video; Timestamp: [00:30:47]}
}

@misc{spotify2025,
  author       = {{Spotify}},
  title        = {{Mix Your Favorite Playlists Seamlessly by Adding Your Own Transitions}},
  howpublished = {Spotify Newsroom press release, \url{https://newsroom.spotify.com/2025-08-19/mix-your-favorite-playlists-seamlessly-by-adding-your-own-transitions/}},
  year         = {2025},
  note         = {Published August 19, 2025. Accessed on 2025-10-21.}
}

@misc{ddman2020autodj,
  author       = {Daniel D.},
  title        = {Auto-DJ},
  year         = {2020},
  howpublished = {\url{https://github.com/ddman1101/Auto-DJ}},
  note         = {GitHub repository}
}

@manual{scikitlearn,
  title        = {scikit-learn: Machine Learning in Python},
  author       = {Pedregosa, Fabian and Varoquaux, Gaël and Gramfort, Alexandre and Michel, Vincent and Thirion, Bertrand and Grisel, Olivier and Blondel, Mathieu and Prettenhofer, Peter and Weiss, Ron and Dubourg, Vincent and Vanderplas, Jake and Passos, Alexandre and Cournapeau, David and Brucher, Matthieu and Perrot, Matthieu and Duchesnay, Édouard},
  year         = {2011},
  howpublished = {\url{https://scikit-learn.org/stable/api/sklearn.html}},
  note         = {Accessed 2025}
}

@inproceedings{robinson2019graphcuts,
  title     = {Automated Time-Frequency Domain Audio Crossfades Using Graph Cuts},
  author    = {Kyle Robinson and Dan Brown},
  booktitle = {Proceedings of the 20th International Society for Music Information Retrieval Conference (ISMIR) - Late-Breaking/Demo},
  year      = {2019},
  url       = {https://arxiv.org/pdf/2301.13380},
  note      = {Extended abstract}
}

@inproceedings{bittner2017playlist,
  title     = {Automatic Playlist Sequencing and Transitions},
  author    = {Bittner, Rachel M. and Gu, Minwei and Hernandez, Gandalf and Humphrey, Eric J. and Jehan, Tristan and McCurry, P. Hunter and Montecchio, Nicola},
  booktitle = {Proceedings of the 18th International Society for Music Information Retrieval Conference (ISMIR)},
  year      = {2017},
  url       = {https://archives.ismir.net/ismir2017/paper/000086.pdf}
}

@article{cliff2000hangthedj,
  author  = {Cliff, Dave},
  title   = {Hang the DJ: Automatic Sequencing and Seamless Mixing of Dance-Music Tracks},
  year    = {2000},
  journal = {Technical Report HPL-2000-104, HP Laboratories Bristol},
  url     = {https://www.researchgate.net/publication/228580488_Hang_the_DJ_Automatic_Sequencing_and_Seamless_Mixing_of_Dance-Music_Tracks}
}

@article{medley2k2020,
  author     = {Lukas Faber and
                Sandro Luck and
                Damian Pascual and
                Andreas Roth and
                Gino Brunner and
                Roger Wattenhofer},
  title      = {Medley2K: {A} Dataset of Medley Transitions},
  journal    = {CoRR},
  volume     = {abs/2008.11159},
  year       = {2020},
  url        = {https://arxiv.org/abs/2008.11159},
  eprinttype = {arXiv},
  eprint     = {2008.11159},
  timestamp  = {Fri, 28 Aug 2020 14:37:31 +0200},
  biburl     = {https://dblp.org/rec/journals/corr/abs-2008-11159.bib},
  bibsource  = {dblp computer science bibliography, https://dblp.org}
}